
@misc{analyse2021,
	title = {Analyse du cycle de vie},
	year = {2021},
	month = {06},
	date = {2021-06-22},
	url = {https://fr.wikipedia.org/w/index.php?title=Analyse_du_cycle_de_vie&oldid=184022945},
	note = {Page Version ID: 184022945},
	langid = {fr}
}

@misc{gazàef2016,
	title = {Gaz à effet de serre : qu'est-ce que l'« équivalent CO2 » ?},
	year = {2016},
	month = {09},
	date = {2016-09-28},
	url = {https://www.connaissancedesenergies.org/gaz-effet-de-serre-quest-ce-que-l-equivalent-co2-170807},
	langid = {fr}
}
